<?xml version="1.0" encoding="UTF-8"?><collection xmlns="http://www.loc.gov/MARC21/slim"><record><leader>00692nam--2200181-u-4500</leader><controlfield tag="001">000054932</controlfield><controlfield tag="002">20161230</controlfield><controlfield tag="005">20161230201051</controlfield><controlfield tag="008">120706s1000------------r-----000-0-fre-d</controlfield><datafield ind1=" " ind2=" " tag="040"><subfield code="a">IFIN-HH</subfield></datafield><datafield ind1=" " ind2=" " tag="041"><subfield code="a">fre</subfield></datafield><datafield ind1=" " ind2=" " tag="080"><subfield code="a">539.184.3(047.3):539.172.12</subfield></datafield><datafield ind1="1" ind2=" " tag="100"><subfield code="a">Chemin, Jean-francois</subfield></datafield><datafield ind1="1" ind2="0" tag="245"><subfield code="a">L'ionisation des couches electroniques profondes: un nouveau moyen d'etude des temps d'intteractions nucleaires dans le domaine 10-16 - 10-18 seconde. mesure de la duree de vie du noyau compose dans la reaction 106cd + p(ep = 10 et 12 mev)</subfield><subfield code="b">These</subfield><subfield code="c">Jean-francois chemin</subfield></datafield><datafield ind1=" " ind2=" " tag="260"><subfield code="a">Bordeaux</subfield><subfield code="b">Universite</subfield><subfield code="c">1978</subfield></datafield><datafield ind1=" " ind2=" " tag="300"><subfield code="a">180P</subfield></datafield><datafield ind1=" " ind2=" " tag="852"><subfield code="a">49672</subfield><subfield code="c">539.18</subfield></datafield><datafield ind1=" " ind2=" " tag="CAT"><subfield code="a">Sys</subfield><subfield code="c">20120706</subfield><subfield code="h">130104</subfield></datafield></record></collection>